@book{chen2014linear,
  title={Linear System Theory and Design},
  author={Chen, Chi-Tsong},
  isbn={9780199964543},
  series={The Oxford Series in Electrical and Computer Engineering},
  url={https://books.google.no/books?id=XyPAoAEACAAJ},
  year={2014},
  publisher={Oxford University Press, Incorporated}
}

@book{uniphysics,
  title={University Physics with Modern Physics},
  page = 331,
  author={Young, D. Hugh, Freedman, Roger},
  isbn={9781784480233},
  year={2014},
  publisher={Pearson Education}
}

@misc{labtext,
  title = {Helicopter lab assignement-text},
  howpublished = {Department of Engineering Cybernetics, NTNU},
  note = {Accessed: 2016-09-07}
}
